<collection xmlns="http://www.loc.gov/MARC21/slim"><record><leader>00656nam  2200193   450</leader><controlfield tag="001">634</controlfield><controlfield tag="003">http://montalegre.opacnet.com/OPAC/default.aspx?ContentAreaControl=ShowRegHoldings.ascx&amp;RegNo=16662</controlfield><datafield tag="095" ind1=" " ind2=" "><subfield code="a">PTBN00251954</subfield></datafield><datafield tag="100" ind1=" " ind2=" "><subfield code="a">19890314d1983    a  y0pora0103    ba</subfield></datafield><datafield tag="101" ind1="0" ind2=" "><subfield code="a">por</subfield></datafield><datafield tag="102" ind1=" " ind2=" "><subfield code="a">PT</subfield></datafield><datafield tag="200" ind1="1" ind2=" "><subfield code="a">&lt;A &gt;guitarra da boneca</subfield><subfield code="f">Matilde Rosa Araújo</subfield><subfield code="g">il. de Evelina Coelho</subfield></datafield><datafield tag="210" ind1=" " ind2=" "><subfield code="a">Lisboa</subfield><subfield code="c">Horizonte</subfield><subfield code="d">1983</subfield></datafield><datafield tag="215" ind1=" " ind2=" "><subfield code="a">32 p.</subfield><subfield code="c">il.</subfield></datafield><datafield tag="675" ind1=" " ind2=" "><subfield code="a">087.5</subfield><subfield code="v">BN</subfield><subfield code="z">por</subfield><subfield code="v">BN</subfield><subfield code="z">por</subfield><subfield code="3">287999</subfield></datafield><datafield tag="700" ind1=" " ind2="1"><subfield code="a">Araújo</subfield><subfield code="b">Matilde Rosa</subfield><subfield code="f">1921-</subfield><subfield code="3">6567</subfield></datafield><datafield tag="702" ind1=" " ind2="1"><subfield code="a">Coelho</subfield><subfield code="b">Evelina</subfield><subfield code="4">440</subfield><subfield code="3">425714</subfield></datafield><datafield tag="801" ind1=" " ind2="0"><subfield code="a">PT</subfield><subfield code="b">Biblioteca Municipal de Montalegre</subfield><subfield code="g">RPC</subfield></datafield><datafield tag="856" ind1=" " ind2=" "><subfield code="u">locateMedia.asp?cod=20060522165802&amp;ext=jpg</subfield><subfield code="z">CAPA</subfield></datafield><datafield tag="909" ind1="&#9;" ind2=" "><subfield code="a">1</subfield></datafield><datafield tag="966" ind1=" " ind2=" "><subfield code="a">0001128</subfield><subfield code="l">BMM</subfield><subfield code="s">SI 82-1 ARA gui</subfield></datafield></record></collection>